@misc{Effect_of_gamification-Framework,
	author = "Áron Tóth , Emma Lógó",
	title = "The Effect of Gamification in Sport Applications",
	howpublished = "\url{https://ieeexplore.ieee.org/document/8639934}",
}


@misc{Improving_motivation-Framework,
	author = "Dani Pašić,Danijel Kučak",
	title = "The Effect of Gamification in Sport-improving motivation for recreational sport Kernel Description Applications",
	howpublished = "\url{https://ieeexplore.ieee.org/document/8400160}",
}
@misc{Gamification_in_sport_apps-Framework,
	author = "Paula Bitrián, Isabel Buil, Sara Catalán",
	title = "Gamification in sport apps: the determinants of users' motivation",
	howpublished = "\url{https://www.emerald.com/insight/content/doi/10.1108/EJMBE-09-2019-0163/full/html}",
}
@misc{Gamification-Framework,
        author = "Sathish Chittibabu",
	title = "How Gamification Is Changing Sports",
	howpublished = "\url{https://fanisko.com/how-gamification-is-changing-sports/}",
}
@misc{Tranzistory-Framework,
        author = "Sps Levice",
	title = "Tranzistor",
	howpublished = "\url{http://www.spslevice.sk/ucebnice/elektronika/3_2_2_tranzistor.htm}",
}
@misc{Tranzistory2-Framework,
        author = "Michal Winczer",
	title = "Polovodičová revolúcia",
	howpublished = "\url{http://www2.fiit.stuba.sk/~lang/mip/prednasky/PolovodicovaRevolucia.pdf}",
}
@misc{Git-Framework,
        author = "David Krupička",
	title = "Co je to Git a jak ulehčí práci",
	howpublished = "\url{https://starkmedia.cz/blog/co-je-to-git-a-jak-ulehci-praci}",
}
