@misc{Effect_of_gamification-Framework,
	author = "Áron Tóth , Emma Lógó",
	title = "The Effect of Gamification in Sport Applications",
	howpublished = "\url{https://ieeexplore.ieee.org/document/8639934}",
}


@misc{Improving_motivation-Framework,
	author = "Dani Pašić,Danijel Kučak",
	title = "The Effect of Gamification in Sport-improving motivation for recreational sport Kernel Description Applications",
	howpublished = "\url{https://ieeexplore.ieee.org/document/8400160}",
}